@INPROCEEDINGS{yao,
  author={Yao, Andrew C.},
  booktitle={23rd Annual Symposium on Foundations of Computer Science (sfcs 1982)}, 
  title={Protocols for secure computations}, 
  year={1982},
  volume={},
  number={},
  pages={160-164},
  doi={10.1109/SFCS.1982.38}}

@misc{mpc,
    author = "{Wikipedia contributors}",
    title = "Secure multi-party computation --- {Wikipedia}{,} The Free Encyclopedia",
    year = "2023",
    url = "https://en.wikipedia.org/w/index.php?title=Secure_multi-party_computation&oldid=1148234769",
    note = "[Online; accessed 10-May-2023]"
  }


@article{ot,
	author = {Naor, Moni and Pinkas, Benny},
	date = {2005/01/01},
	doi = {10.1007/s00145-004-0102-6},
	isbn = {1432-1378},
	journal = {Journal of Cryptology},
	title = {Computationally Secure Oblivious Transfer},
	url = {https://doi.org/10.1007/s00145-004-0102-6},
	volume = {18},
	year = {2005}}
