@INPROCEEDINGS{yao,
  author={Yao, Andrew C.},
  booktitle={23rd Annual Symposium on Foundations of Computer Science (sfcs 1982)}, 
  title={Protocols for secure computations}, 
  year={1982},
  volume={},
  number={},
  pages={160-164},
  doi={10.1109/SFCS.1982.38}}

@article{ot,
	author = {Naor, Moni and Pinkas, Benny},
	date = {2005/01/01},
	doi = {10.1007/s00145-004-0102-6},
	isbn = {1432-1378},
	journal = {Journal of Cryptology},
	title = {Computationally Secure Oblivious Transfer},
	url = {https://doi.org/10.1007/s00145-004-0102-6},
	volume = {18},
	year = {2005}}


@article{principles,
	author = {Lindell, Yehuda and Pinkas, Benny},
	date = {2009/04/01},
	doi = {10.1007/s00145-008-9036-8},
	isbn = {1432-1378},
	journal = {Journal of Cryptology},
	title = {A Proof of Security of Yao's Protocol for Two-Party Computation},
	url = {https://doi.org/10.1007/s00145-008-9036-8},
	volume = {22},
	year = {2009}}
